@ARTICLE{yee66ieeetransantprop302,
  author = {Yee, S.K.},
  title = {Numerical solution of initial boundary value problems involving Maxwell's
	equations in isotropic media},
  journal = {IEEE Transactions on Antennas and Propagation},
  year = {1966},
  volume = {14},
  pages = {302-307},
  number = {3},
  month = {May},
  pdf = {yee66ieeetransantprop302.pdf}
}
@ARTICLE{joseph91opticsletters31,
  author = {Joseph, R.M. and Hagness S.C. and Taflove A.},
  title = {Direct time integration of Maxwell's equations in linear dispersive
	media with absorption for scattering and propagations of femtosecond
	electromagnetic pulses},
  journal = {Optics Letters},
  year = {1991},
  volume = {16},
  pages = {1412-1414},
  number = {18},
  month = {September},
  pdf = {joseph91opticsletters31.pdf}
}
@BOOK{jin02book,
  title = {The finite element method of electromagnetics},
  publisher = {Wiley Interscience},
  year = {2002},
  author = {Jin, J.}
}
@ARTICLE{higdon87mathcomp65,
  author = {Higdon, R.L.},
  title = {Numerical absorbing boundary conditions for the wave equation},
  journal = {Mathematics of Computation},
  year = {1987},
  volume = {49},
  pages = {65-90},
  number = {179},
  month = {July},
  pdf = {higdon87mathcomp65}
}
@ARTICLE{sacks95ieeetransantprop,
  author = {Sacks, Z.S. and Kingsland, D.M. and Lee, R. and Lee, J.},
  title = {A perfectly matched anisotropic absorber for use as an absorbing
	boundary condition},
  journal = {IEEE Transactions on Antennas and Propagation},
  year = {1995},
  volume = {43},
  pages = {1460-1463},
  number = {12},
  month = {December}
}
@ARTICLE{judkins95josaa1974,
  author = {Judkins, J.B. and Ziolkowski, R.W.},
  title = {Finite-difference time-domain modeling of nonperfectly conducting
	metallic thin-film gratings},
  journal = {Journal of the Optical Society of America A},
  year = {1995},
  volume = {12},
  pages = {1974-1983},
  number = {9},
  month = {September},
  pdf = {judkins95josaa1974.pdf}
}
@ARTICLE{moerloose95ieeemicguidwavlet,
  author = {Moerloose, J.D. and Stuchly, M.A.},
  title = {Behavior of Berenger's {ABC} for evanescent waves},
  journal = {IEEE Microwave and Guided Wave Letters},
  year = {1995},
  volume = {5},
  pages = {344-346},
  number = {10},
  month = {Ocotber},
  pdf = {moerloose95ieeemicguidwavlet.pdf}
}
@BOOK{taflove95cetfdtdm,
  title = {Computational Electrodynamics: The Finite Difference Time Domain Method},
  publisher = {Artech House},
  year = {1995},
  author = {Taflove, A.},
  address = {Boston and London},
  edition = {1st},
  notes = {Key changed from tafloveBook to taflove95cetfdtdm},
}
@ARTICLE{gedney96electromagnetics399,
  author = {Gedney, S.D.},
  title = {An anisotropic PML absorbing media for the FDTD simulation of fields in lossy and dispersive media},
  journal = {Electromagnetics},
  year = {1996},
  volume = {16},
  number = {4},
  pages = {399-415},
}
@ARTICLE{cummer97ieeetransantprop392,
  author = {Cummer, S.A.},
  title = {An Analysis of New and Existing {FDTD} Methods for Isotropic Cold
	Plasma and a Method for Improving Their Accuracy.},
  journal = {IEEE Transactions on Antennas and Propagation},
  year = {1997},
  volume = {45},
  pages = {392-400},
  number = {3},
  month = {March},
  pdf = {cummer97ieeetransantprop392.pdf}
}
@ARTICLE{taflove75ieeetransmicrotheoryandtech623,
  author = {Taflove, A. and Brodwin, M.E.},
  title = {Numerical solution of steady-state electromagnetic scattering problems
	using the time-dependent Maxwell's equations},
  journal = {IEEE Transcactions on Microwave Theory and Techniques},
  year = {1975},
  volume = {23},
  pages = {623-630},
  number = {8},
  month = {August},
  pdf = {taflove75ieeetransmicrotheoryandtech623.pdf}
}
@ARTICLE{taflove75ieeetransmicrotheoryandtech888,
  author = {Taflove, A. and Brodwin, M.E.},
  title = {Computation of the electromagnetic fields and induced temperatures
	within a model of the microwave-irradiated human eye},
  journal = {IEEE Transactions on Microwave Theory and Techniques},
  year = {1975},
  volume = {23},
  pages = {888-896},
  number = {11},
  month = {November},
  pdf = {taflove75ieeetransmicrotheoryandtech888.pdf}
}
@ARTICLE{engquist77mathcomp629,
  author = {Engquist, B.},
  title = {Absorbing boundary conditions for the numerical simulation of waves},
  journal = {Mathematics of Computation},
  year = {1977},
  volume = {31},
  pages = {629-651},
  number = {139},
  month = {July},
  pdf = {engquist77mathcomp629.pdf}
}
@ARTICLE{bayliss80commpapplmath707,
  author = {Bayliss, A. and Turkel, E.},
  title = {Radiation boundary conditions for wave-like equations},
  journal = {Communications in Pure and Applied Mathematics},
  year = {1980},
  volume = {23},
  pages = {707-725}
}
@ARTICLE{penney96ieeetransantprop434,
  author = {Penney, C.W. and Luebbers, R.J. and Schuster, J.W.},
  title = {Scattering from coated targets using a frequency-dependent, surface
	imperdance boundary condition in {FDTD}.},
  journal = {IEEE Transactions on Antennas and Propagation},
  year = {1996},
  volume = {44},
  pages = {434-443},
  number = {4},
  month = {April}
}
@ARTICLE{bayliss82siamjappmath430,
  author = {Balyiss, A. and Gunzburger, M. and Turkel, E.},
  title = {Boundayr conditions for the numerical solution of elliptic equations
	in exterior regions},
  journal = {SIAM Journal on Applied Mathematics},
  year = {1982},
  volume = {42},
  pages = {430-451},
  number = {2},
  month = {April},
  pdf = {bayliss82siamjappmath430.pdf}
}
@ARTICLE{luebbers90ieeetranseleccomp222,
  author = {Luebbers, R. and Hunsberger, F.P. and Kunz, K.S. and Standler, R.B.
	and Schneider, M.},
  title = {A frequency-dependent finite-difference time-domain formulation fro
	dispersive materials},
  journal = {IEEE Transcations on Electromagnetic Compatibility },
  year = {1990},
  volume = {32},
  pages = {222-227},
  number = {3},
  month = {August},
  pdf = {luebbers90ieeetranseleccomp222.pdf}
}
@ARTICLE{trefethen86mathcomp421,
  author = {Trefethen. L.N. and Halpern, L.},
  title = {Well-posedness of one-way wave equations and absorbing boundary conditions},
  journal = {Mathematics of Computation},
  year = {1986},
  volume = {47},
  pages = {421-435},
  number = {176},
  month = {October},
  pdf = {trefethen86mathcomp421.pdf}
}
@ARTICLE{berenger99ieeetransantprop1497,
  author = {Berenger, J.-P.},
  title = {Evanescent waves in {PML}s: Origin of the numerical reflection in
	wave-structure interaction problems},
  journal = {IEEE Transactions on Antennas and Propagation},
  year = {1999},
  volume = {47},
  pages = {1497-1503},
  number = {10},
  month = {October},
  pdf = {berenger99ieeetransantprop1497.pdf}
}
@ARTICLE{berenger96journalcopmphys363,
  author = {Berenger, J.-P.},
  title = {Three-dimensional perfectly matched layer for the absorption of electromagnetic
	waves},
  journal = {Journal of Computational Physics},
  year = {1996},
  volume = {127},
  pages = {363-379},
  pdf = {berenger96journalcopmphys363.pdf}
}
@ARTICLE{higdon86mathcomp437,
  author = {Higdon, R.L.},
  title = {Absorbing boundary conditions for difference approximations to the
	multi-dimensional wave equation},
  journal = {Mathematics of Computation},
  year = {1986},
  volume = {47},
  pages = {437-459},
  number = {176},
  month = {October},
  pdf = {higdon86mathcomp437.pdf}
}
@ARTICLE{kunz78ieeetransemc328,
  author = {Kunz, K.S. and Lee, K.M.},
  title = {A three-dimensional finite-difference solution of the external response
	of an aircraft to a complex transient environment: Part I - The method
	and its application.},
  journal = {IEEE Transactions on Electromagnetic Compatibility},
  year = {1978},
  volume = {20},
  pages = {328-333},
  number = {2},
  month = {May}
}
@ARTICLE{berghe98ieeemicgwlet,
  author = {Van den Berghe, S. and Olyslager, F. and De Zutter, D.},
  title = {Accurate Modeling of Thin Conducting Layers in {FDTD}},
  journal = {IEEE Microwave and Guided Wave Letters},
  year = {1998},
  volume = {8},
  pages = {75-77},
  number = {2},
  month = {February},
  pdf = {berghe98ieeemicgwlet.pdf}
}
@ARTICLE{holland93ieeetranseleccomp434,
  author = {Holland, R.},
  title = {Pitfalls of staircase meshing},
  journal = {IEEE Transactions on Electromagnetic Compatibility},
  year = {1993},
  volume = {35},
  pages = {434-439},
  number = {4},
  month = {November},
  pdf = {holland93ieeetranseleccomp434.pdf}
}
@ARTICLE{mur81ieeetransemc377,
  author = {Mur, G.},
  title = {Absorbing boundary conditions for finite-difference approximation
	of the time-domain electromagnetic-field equations},
  journal = {IEEE Transactions on Electromagnetic Compatibility},
  year = {1981},
  volume = {23},
  pages = {377-382},
  number = {4},
  month = {November}
}
@ARTICLE{stratton39pr99,
  author = {Stratton, J. A. and Chu, L. J.},
  title = {Diffraction theory of electromagnetic waves},
  journal = {Physical Review},
  year = {1939},
  volume = {56},
  pages = {99-107},
  notes = {Key changed from op_818 to stratton39pr99},
  url = {http://ptweb.op.ph.ic.ac.uk/~torokp/biblio/Literature/stratton39pr99.pdf},
}
@BOOK{taflove00book,
  title = {Computational electrodynamics, second edition},
  publisher = {Artech House},
  year = {2000},
  author = {Taflove, A. and Hagness, S.C.},
}
@ARTICLE{berenger94journcopmphys185,
  author = {Berenger, J.-P.},
  title = {A perfectly matched layer for the absorption of electromagnetic waves},
  journal = {Journal of Computational Physics},
  year = {1994},
  volume = {114},
  pages = {185-200},
  pdf = {berenger94journcopmphys185.pdf}
}
@ARTICLE{umashankar82ieeetransemc397,
  author = {Umashankar, K. and Taflove, A.},
  title = {A novel method to analyze electromagnetic scattering of complex objects},
  journal = {IEEE Transactions on Electromagnetic Compatibility},
  year = {1982},
  volume = {24},
  pages = {397-405},
  number = {4}
}
@INBOOK{poggio73book,
  chapter = {Integral equation solutions of three-dimensional scattering problems},
  pages = {159-264},
  title = {Computer techniques for electromagnetics},
  publisher = {Pergamon Press},
  year = {1973},
  editor = {Mittra, R.},
  author = {Poggio, A.J. and Miller, E.K.},
}
@ARTICLE{berenger00intjournnummodel,
  author = {Berenger, J.-P.},
  title = {Numerical reflection of evanescent waves by {PML}s: origin and interpretation
	in the FDTD case. Expected consequences to other finite methods},
  journal = {International Journal of Numerical Modelling: Electronic Networks,
	Devices and Fields},
  year = {2000},
  volume = {13},
  pages = {103-114},
  pdf = {berenger00intjournnummodel.pdf}
}
@ARTICLE{sullivan88ieeetransbiomedeng179,
  author = {Sullivan, D.M. and Gandhi, O.P. and Taflove, A.},
  title = {Use of finite-difference time-domain method for calculating {EM}
	absorption in man models},
  journal = {IEEE Transactions on Biomedical Engineering},
  year = {1988},
  volume = {35},
  pages = {179-186},
  number = {3},
  month = {March},
  pdf = {sullivan88ieeetransbiomedeng179.pdf}
}
@ARTICLE{gedney96ieeetransantprop1630,
  author = {Gedney, S.D.},
  title = {An anisotropic perfectly matched layer-absorbing medium for the truncation of FDTD lattices},
  journal = {IEEE Trans. Ant. and Prop.},
  year = {1996},
  volume = {44},
  number = {12},
  pages = {1630-1639},
}
@ARTICLE{holland94ieeetranseleccompat32,
  author = {Holland, R.},
  title = {Finite-Difference Time-Domain ({FDTD}) analysis of magnetic diffusion.},
  journal = {IEEE Transactions on Electromagnetic Compatibility },
  year = {1994},
  volume = {36},
  pages = {32-39},
  number = {1},
  month = {February},
  pdf = {holland94ieeetranseleccompat32.pdf}
}
@ARTICLE{taflove80ieeetransemc191,
  author = {Taflove, A.},
  title = {Application of the finite-difference time-domain method to sinusoidal
	steady-state electromagnetic-penetrations problems},
  journal = {IEEE Transactions on Electromagnetic Compatibility},
  year = {1980},
  volume = {22},
  pages = {191-202},
  number = {3},
  month = {August}
}
